<?xml version="1.0" encoding="UTF-8"?><collection xmlns="http://www.loc.gov/MARC21/slim"><record><leader>00539nam--2200181-i-4500</leader><controlfield tag="001">000014503</controlfield><controlfield tag="002">20161230</controlfield><controlfield tag="005">20161230201030</controlfield><controlfield tag="008">060222s1000------------r-----000-0-fre-d</controlfield><datafield ind1=" " ind2=" " tag="040"><subfield code="a">IFIN-HH</subfield></datafield><datafield ind1=" " ind2=" " tag="041"><subfield code="a">fre</subfield></datafield><datafield ind1=" " ind2=" " tag="080"><subfield code="a">536.424.1(043)</subfield></datafield><datafield ind1="1" ind2=" " tag="100"><subfield code="a">Dayer, Andre</subfield></datafield><datafield ind1="1" ind2="0" tag="245"><subfield code="a">Contribution a l'etude des diagrammes de phase des systemes cobalt-germanium et nickel germanium</subfield><subfield code="b">Resume de la these</subfield><subfield code="c">Andre dayer</subfield></datafield><datafield ind1=" " ind2=" " tag="260"><subfield code="a">Lausanne,, 1980</subfield><subfield code="b">Universite</subfield><subfield code="c">1980</subfield></datafield><datafield ind1=" " ind2=" " tag="300"><subfield code="a">/51-70/P</subfield></datafield><datafield ind1=" " ind2=" " tag="852"><subfield code="a">71161</subfield><subfield code="c">536</subfield></datafield><datafield ind1=" " ind2=" " tag="CAT"><subfield code="a">Sys</subfield><subfield code="c">20110510</subfield><subfield code="h">151413</subfield></datafield></record></collection>